%YAML 1.1
%TAG !u! tag:unity3d.com,2011:
--- !u!1 &646038498124239415
GameObject:
  m_ObjectHideFlags: 0
  m_CorrespondingSourceObject: {fileID: 0}
  m_PrefabInstance: {fileID: 0}
  m_PrefabAsset: {fileID: 0}
  serializedVersion: 6
  m_Component:
  - component: {fileID: 1368287939183807777}
  - component: {fileID: 4686439894580730280}
  m_Layer: 0
  m_Name: BeatIndicator
  m_TagString: Untagged
  m_Icon: {fileID: 0}
  m_NavMeshLayer: 0
  m_StaticEditorFlags: 0
  m_IsActive: 1
--- !u!4 &1368287939183807777
Transform:
  m_ObjectHideFlags: 0
  m_CorrespondingSourceObject: {fileID: 0}
  m_PrefabInstance: {fileID: 0}
  m_PrefabAsset: {fileID: 0}
  m_GameObject: {fileID: 646038498124239415}
  serializedVersion: 2
  m_LocalRotation: {x: 0, y: 0, z: 0, w: 1}
  m_LocalPosition: {x: 0.32766223, y: 3.4421968, z: 0.014171409}
  m_LocalScale: {x: 1, y: 1, z: 1}
  m_ConstrainProportionsScale: 0
  m_Children:
  - {fileID: 603815450930853468}
  m_Father: {fileID: 0}
  m_LocalEulerAnglesHint: {x: 0, y: 0, z: 0}
--- !u!114 &4686439894580730280
MonoBehaviour:
  m_ObjectHideFlags: 0
  m_CorrespondingSourceObject: {fileID: 0}
  m_PrefabInstance: {fileID: 0}
  m_PrefabAsset: {fileID: 0}
  m_GameObject: {fileID: 646038498124239415}
  m_Enabled: 1
  m_EditorHideFlags: 0
  m_Script: {fileID: 11500000, guid: 47e492934df6cb7498a3f0799c28c82a, type: 3}
  m_Name: 
  m_EditorClassIdentifier: 
  data: {fileID: 11400000, guid: f4974193adfb85444b038c41d7582017, type: 2}
  beatBar: {fileID: 6626630644192418822, guid: ec69028ff2ccdc842a73b373cdce3876, type: 3}
  leftStart: {fileID: 3741912978865101520}
  rightStart: {fileID: 1568657941683123540}
  middle: {fileID: 8121521406106767304}
  leftBar: {fileID: 5527339430006400286}
  rightBar: {fileID: 7308098810382123307}
--- !u!1 &1132854136897809105
GameObject:
  m_ObjectHideFlags: 0
  m_CorrespondingSourceObject: {fileID: 0}
  m_PrefabInstance: {fileID: 0}
  m_PrefabAsset: {fileID: 0}
  serializedVersion: 6
  m_Component:
  - component: {fileID: 5916649209035782424}
  - component: {fileID: 6338931325270210296}
  - component: {fileID: 4121922137125439711}
  m_Layer: 5
  m_Name: Image
  m_TagString: Untagged
  m_Icon: {fileID: 0}
  m_NavMeshLayer: 0
  m_StaticEditorFlags: 0
  m_IsActive: 1
--- !u!224 &5916649209035782424
RectTransform:
  m_ObjectHideFlags: 0
  m_CorrespondingSourceObject: {fileID: 0}
  m_PrefabInstance: {fileID: 0}
  m_PrefabAsset: {fileID: 0}
  m_GameObject: {fileID: 1132854136897809105}
  m_LocalRotation: {x: 0, y: 0, z: 0, w: 1}
  m_LocalPosition: {x: 0, y: 0, z: 0}
  m_LocalScale: {x: 1, y: 1, z: 1}
  m_ConstrainProportionsScale: 0
  m_Children: []
  m_Father: {fileID: 603815450930853468}
  m_LocalEulerAnglesHint: {x: 0, y: 0, z: 0}
  m_AnchorMin: {x: 0.5, y: 0.5}
  m_AnchorMax: {x: 0.5, y: 0.5}
  m_AnchoredPosition: {x: 0, y: 0}
  m_SizeDelta: {x: 5.1147, y: 0.7944}
  m_Pivot: {x: 0.5, y: 0.5}
--- !u!222 &6338931325270210296
CanvasRenderer:
  m_ObjectHideFlags: 0
  m_CorrespondingSourceObject: {fileID: 0}
  m_PrefabInstance: {fileID: 0}
  m_PrefabAsset: {fileID: 0}
  m_GameObject: {fileID: 1132854136897809105}
  m_CullTransparentMesh: 1
--- !u!114 &4121922137125439711
MonoBehaviour:
  m_ObjectHideFlags: 0
  m_CorrespondingSourceObject: {fileID: 0}
  m_PrefabInstance: {fileID: 0}
  m_PrefabAsset: {fileID: 0}
  m_GameObject: {fileID: 1132854136897809105}
  m_Enabled: 1
  m_EditorHideFlags: 0
  m_Script: {fileID: 11500000, guid: fe87c0e1cc204ed48ad3b37840f39efc, type: 3}
  m_Name: 
  m_EditorClassIdentifier: 
  m_Material: {fileID: 0}
  m_Color: {r: 1, g: 1, b: 1, a: 1}
  m_RaycastTarget: 1
  m_RaycastPadding: {x: 0, y: 0, z: 0, w: 0}
  m_Maskable: 1
  m_OnCullStateChanged:
    m_PersistentCalls:
      m_Calls: []
  m_Sprite: {fileID: 21300000, guid: 2eb01b5da10edbc45a3de88b6e46d150, type: 3}
  m_Type: 0
  m_PreserveAspect: 0
  m_FillCenter: 1
  m_FillMethod: 4
  m_FillAmount: 1
  m_FillClockwise: 1
  m_FillOrigin: 0
  m_UseSpriteMesh: 0
  m_PixelsPerUnitMultiplier: 1
--- !u!1 &4414495289396924369
GameObject:
  m_ObjectHideFlags: 0
  m_CorrespondingSourceObject: {fileID: 0}
  m_PrefabInstance: {fileID: 0}
  m_PrefabAsset: {fileID: 0}
  serializedVersion: 6
  m_Component:
  - component: {fileID: 603815450930853468}
  - component: {fileID: 3478220868405380013}
  - component: {fileID: 1022539367508676463}
  - component: {fileID: 113493504509649929}
  m_Layer: 5
  m_Name: Canvas
  m_TagString: Untagged
  m_Icon: {fileID: 0}
  m_NavMeshLayer: 0
  m_StaticEditorFlags: 0
  m_IsActive: 1
--- !u!224 &603815450930853468
RectTransform:
  m_ObjectHideFlags: 0
  m_CorrespondingSourceObject: {fileID: 0}
  m_PrefabInstance: {fileID: 0}
  m_PrefabAsset: {fileID: 0}
  m_GameObject: {fileID: 4414495289396924369}
  m_LocalRotation: {x: -0, y: -0, z: -0, w: 1}
  m_LocalPosition: {x: 0, y: 0, z: 0}
  m_LocalScale: {x: 1, y: 1, z: 1}
  m_ConstrainProportionsScale: 0
  m_Children:
  - {fileID: 5916649209035782424}
  - {fileID: 5629676839376956699}
  - {fileID: 6446303440253103649}
  - {fileID: 2750891477659619823}
  - {fileID: 9177441872666788261}
  - {fileID: 1149466777253557722}
  - {fileID: 1886265404003597113}
  m_Father: {fileID: 1368287939183807777}
  m_LocalEulerAnglesHint: {x: 0, y: 0, z: 0}
  m_AnchorMin: {x: 0, y: 0}
  m_AnchorMax: {x: 0, y: 0}
  m_AnchoredPosition: {x: 0, y: 0.025}
  m_SizeDelta: {x: 5.1147, y: 0.7944}
  m_Pivot: {x: 0.5, y: 0.5}
--- !u!223 &3478220868405380013
Canvas:
  m_ObjectHideFlags: 0
  m_CorrespondingSourceObject: {fileID: 0}
  m_PrefabInstance: {fileID: 0}
  m_PrefabAsset: {fileID: 0}
  m_GameObject: {fileID: 4414495289396924369}
  m_Enabled: 1
  serializedVersion: 3
  m_RenderMode: 2
  m_Camera: {fileID: 0}
  m_PlaneDistance: 100
  m_PixelPerfect: 0
  m_ReceivesEvents: 1
  m_OverrideSorting: 0
  m_OverridePixelPerfect: 0
  m_SortingBucketNormalizedSize: 0
  m_VertexColorAlwaysGammaSpace: 0
  m_AdditionalShaderChannelsFlag: 0
  m_UpdateRectTransformForStandalone: 0
  m_SortingLayerID: 0
  m_SortingOrder: 0
  m_TargetDisplay: 0
--- !u!114 &1022539367508676463
MonoBehaviour:
  m_ObjectHideFlags: 0
  m_CorrespondingSourceObject: {fileID: 0}
  m_PrefabInstance: {fileID: 0}
  m_PrefabAsset: {fileID: 0}
  m_GameObject: {fileID: 4414495289396924369}
  m_Enabled: 1
  m_EditorHideFlags: 0
  m_Script: {fileID: 11500000, guid: 0cd44c1031e13a943bb63640046fad76, type: 3}
  m_Name: 
  m_EditorClassIdentifier: 
  m_UiScaleMode: 0
  m_ReferencePixelsPerUnit: 100
  m_ScaleFactor: 1
  m_ReferenceResolution: {x: 800, y: 600}
  m_ScreenMatchMode: 0
  m_MatchWidthOrHeight: 0
  m_PhysicalUnit: 3
  m_FallbackScreenDPI: 96
  m_DefaultSpriteDPI: 96
  m_DynamicPixelsPerUnit: 1
  m_PresetInfoIsWorld: 1
--- !u!114 &113493504509649929
MonoBehaviour:
  m_ObjectHideFlags: 0
  m_CorrespondingSourceObject: {fileID: 0}
  m_PrefabInstance: {fileID: 0}
  m_PrefabAsset: {fileID: 0}
  m_GameObject: {fileID: 4414495289396924369}
  m_Enabled: 1
  m_EditorHideFlags: 0
  m_Script: {fileID: 11500000, guid: dc42784cf147c0c48a680349fa168899, type: 3}
  m_Name: 
  m_EditorClassIdentifier: 
  m_IgnoreReversedGraphics: 1
  m_BlockingObjects: 0
  m_BlockingMask:
    serializedVersion: 2
    m_Bits: 4294967295
--- !u!1 &6088412308575210105
GameObject:
  m_ObjectHideFlags: 0
  m_CorrespondingSourceObject: {fileID: 0}
  m_PrefabInstance: {fileID: 0}
  m_PrefabAsset: {fileID: 0}
  serializedVersion: 6
  m_Component:
  - component: {fileID: 5629676839376956699}
  - component: {fileID: 3747635134180928695}
  - component: {fileID: 3729323884122565958}
  m_Layer: 5
  m_Name: Image
  m_TagString: Untagged
  m_Icon: {fileID: 0}
  m_NavMeshLayer: 0
  m_StaticEditorFlags: 0
  m_IsActive: 1
--- !u!224 &5629676839376956699
RectTransform:
  m_ObjectHideFlags: 0
  m_CorrespondingSourceObject: {fileID: 0}
  m_PrefabInstance: {fileID: 0}
  m_PrefabAsset: {fileID: 0}
  m_GameObject: {fileID: 6088412308575210105}
  m_LocalRotation: {x: 0, y: 0, z: 0, w: 1}
  m_LocalPosition: {x: 0, y: 0, z: 0}
  m_LocalScale: {x: 1, y: 1, z: 1}
  m_ConstrainProportionsScale: 0
  m_Children: []
  m_Father: {fileID: 603815450930853468}
  m_LocalEulerAnglesHint: {x: 0, y: 0, z: 0}
  m_AnchorMin: {x: 0.5, y: 0.5}
  m_AnchorMax: {x: 0.5, y: 0.5}
  m_AnchoredPosition: {x: 0, y: 0}
  m_SizeDelta: {x: 0.3, y: 0.7944}
  m_Pivot: {x: 0.5, y: 0.5}
--- !u!222 &3747635134180928695
CanvasRenderer:
  m_ObjectHideFlags: 0
  m_CorrespondingSourceObject: {fileID: 0}
  m_PrefabInstance: {fileID: 0}
  m_PrefabAsset: {fileID: 0}
  m_GameObject: {fileID: 6088412308575210105}
  m_CullTransparentMesh: 1
--- !u!114 &3729323884122565958
MonoBehaviour:
  m_ObjectHideFlags: 0
  m_CorrespondingSourceObject: {fileID: 0}
  m_PrefabInstance: {fileID: 0}
  m_PrefabAsset: {fileID: 0}
  m_GameObject: {fileID: 6088412308575210105}
  m_Enabled: 1
  m_EditorHideFlags: 0
  m_Script: {fileID: 11500000, guid: fe87c0e1cc204ed48ad3b37840f39efc, type: 3}
  m_Name: 
  m_EditorClassIdentifier: 
  m_Material: {fileID: 0}
  m_Color: {r: 0.24704215, g: 0.6886792, b: 0, a: 1}
  m_RaycastTarget: 1
  m_RaycastPadding: {x: 0, y: 0, z: 0, w: 0}
  m_Maskable: 1
  m_OnCullStateChanged:
    m_PersistentCalls:
      m_Calls: []
  m_Sprite: {fileID: 0}
  m_Type: 0
  m_PreserveAspect: 0
  m_FillCenter: 1
  m_FillMethod: 4
  m_FillAmount: 1
  m_FillClockwise: 1
  m_FillOrigin: 0
  m_UseSpriteMesh: 0
  m_PixelsPerUnitMultiplier: 1
--- !u!1001 &1676333685785508120
PrefabInstance:
  m_ObjectHideFlags: 0
  serializedVersion: 2
  m_Modification:
    serializedVersion: 3
    m_TransformParent: {fileID: 603815450930853468}
    m_Modifications:
    - target: {fileID: 1744975417510627430, guid: ec69028ff2ccdc842a73b373cdce3876, type: 3}
      propertyPath: m_Name
      value: LeftBar
      objectReference: {fileID: 0}
    - target: {fileID: 3561970870019238135, guid: ec69028ff2ccdc842a73b373cdce3876, type: 3}
      propertyPath: m_Pivot.x
      value: 0.5
      objectReference: {fileID: 0}
    - target: {fileID: 3561970870019238135, guid: ec69028ff2ccdc842a73b373cdce3876, type: 3}
      propertyPath: m_Pivot.y
      value: 0.5
      objectReference: {fileID: 0}
    - target: {fileID: 3561970870019238135, guid: ec69028ff2ccdc842a73b373cdce3876, type: 3}
      propertyPath: m_AnchorMax.x
      value: 0.5
      objectReference: {fileID: 0}
    - target: {fileID: 3561970870019238135, guid: ec69028ff2ccdc842a73b373cdce3876, type: 3}
      propertyPath: m_AnchorMax.y
      value: 0.5
      objectReference: {fileID: 0}
    - target: {fileID: 3561970870019238135, guid: ec69028ff2ccdc842a73b373cdce3876, type: 3}
      propertyPath: m_AnchorMin.x
      value: 0.5
      objectReference: {fileID: 0}
    - target: {fileID: 3561970870019238135, guid: ec69028ff2ccdc842a73b373cdce3876, type: 3}
      propertyPath: m_AnchorMin.y
      value: 0.5
      objectReference: {fileID: 0}
    - target: {fileID: 3561970870019238135, guid: ec69028ff2ccdc842a73b373cdce3876, type: 3}
      propertyPath: m_SizeDelta.x
      value: 0.1
      objectReference: {fileID: 0}
    - target: {fileID: 3561970870019238135, guid: ec69028ff2ccdc842a73b373cdce3876, type: 3}
      propertyPath: m_SizeDelta.y
      value: 0.7944
      objectReference: {fileID: 0}
    - target: {fileID: 3561970870019238135, guid: ec69028ff2ccdc842a73b373cdce3876, type: 3}
      propertyPath: m_LocalPosition.x
      value: 0
      objectReference: {fileID: 0}
    - target: {fileID: 3561970870019238135, guid: ec69028ff2ccdc842a73b373cdce3876, type: 3}
      propertyPath: m_LocalPosition.y
      value: 0
      objectReference: {fileID: 0}
    - target: {fileID: 3561970870019238135, guid: ec69028ff2ccdc842a73b373cdce3876, type: 3}
      propertyPath: m_LocalPosition.z
      value: -0.1
      objectReference: {fileID: 0}
    - target: {fileID: 3561970870019238135, guid: ec69028ff2ccdc842a73b373cdce3876, type: 3}
      propertyPath: m_LocalRotation.w
      value: 1
      objectReference: {fileID: 0}
    - target: {fileID: 3561970870019238135, guid: ec69028ff2ccdc842a73b373cdce3876, type: 3}
      propertyPath: m_LocalRotation.x
      value: 0
      objectReference: {fileID: 0}
    - target: {fileID: 3561970870019238135, guid: ec69028ff2ccdc842a73b373cdce3876, type: 3}
      propertyPath: m_LocalRotation.y
      value: 0
      objectReference: {fileID: 0}
    - target: {fileID: 3561970870019238135, guid: ec69028ff2ccdc842a73b373cdce3876, type: 3}
      propertyPath: m_LocalRotation.z
      value: 0
      objectReference: {fileID: 0}
    - target: {fileID: 3561970870019238135, guid: ec69028ff2ccdc842a73b373cdce3876, type: 3}
      propertyPath: m_AnchoredPosition.x
      value: -2.503
      objectReference: {fileID: 0}
    - target: {fileID: 3561970870019238135, guid: ec69028ff2ccdc842a73b373cdce3876, type: 3}
      propertyPath: m_AnchoredPosition.y
      value: 0
      objectReference: {fileID: 0}
    - target: {fileID: 3561970870019238135, guid: ec69028ff2ccdc842a73b373cdce3876, type: 3}
      propertyPath: m_LocalEulerAnglesHint.x
      value: 0
      objectReference: {fileID: 0}
    - target: {fileID: 3561970870019238135, guid: ec69028ff2ccdc842a73b373cdce3876, type: 3}
      propertyPath: m_LocalEulerAnglesHint.y
      value: 0
      objectReference: {fileID: 0}
    - target: {fileID: 3561970870019238135, guid: ec69028ff2ccdc842a73b373cdce3876, type: 3}
      propertyPath: m_LocalEulerAnglesHint.z
      value: 0
      objectReference: {fileID: 0}
    m_RemovedComponents: []
    m_RemovedGameObjects: []
    m_AddedGameObjects: []
    m_AddedComponents: []
  m_SourcePrefab: {fileID: 100100000, guid: ec69028ff2ccdc842a73b373cdce3876, type: 3}
--- !u!224 &2750891477659619823 stripped
RectTransform:
  m_CorrespondingSourceObject: {fileID: 3561970870019238135, guid: ec69028ff2ccdc842a73b373cdce3876, type: 3}
  m_PrefabInstance: {fileID: 1676333685785508120}
  m_PrefabAsset: {fileID: 0}
--- !u!114 &5527339430006400286 stripped
MonoBehaviour:
  m_CorrespondingSourceObject: {fileID: 6626630644192418822, guid: ec69028ff2ccdc842a73b373cdce3876, type: 3}
  m_PrefabInstance: {fileID: 1676333685785508120}
  m_PrefabAsset: {fileID: 0}
  m_GameObject: {fileID: 0}
  m_Enabled: 1
  m_EditorHideFlags: 0
  m_Script: {fileID: 11500000, guid: fe87c0e1cc204ed48ad3b37840f39efc, type: 3}
  m_Name: 
  m_EditorClassIdentifier: 
--- !u!1001 &3117605599072162766
PrefabInstance:
  m_ObjectHideFlags: 0
  serializedVersion: 2
  m_Modification:
    serializedVersion: 3
    m_TransformParent: {fileID: 603815450930853468}
    m_Modifications:
    - target: {fileID: 1744975417510627430, guid: ec69028ff2ccdc842a73b373cdce3876, type: 3}
      propertyPath: m_Name
      value: Middle
      objectReference: {fileID: 0}
    - target: {fileID: 3561970870019238135, guid: ec69028ff2ccdc842a73b373cdce3876, type: 3}
      propertyPath: m_Pivot.x
      value: 0.5
      objectReference: {fileID: 0}
    - target: {fileID: 3561970870019238135, guid: ec69028ff2ccdc842a73b373cdce3876, type: 3}
      propertyPath: m_Pivot.y
      value: 0.5
      objectReference: {fileID: 0}
    - target: {fileID: 3561970870019238135, guid: ec69028ff2ccdc842a73b373cdce3876, type: 3}
      propertyPath: m_AnchorMax.x
      value: 0.5
      objectReference: {fileID: 0}
    - target: {fileID: 3561970870019238135, guid: ec69028ff2ccdc842a73b373cdce3876, type: 3}
      propertyPath: m_AnchorMax.y
      value: 0.5
      objectReference: {fileID: 0}
    - target: {fileID: 3561970870019238135, guid: ec69028ff2ccdc842a73b373cdce3876, type: 3}
      propertyPath: m_AnchorMin.x
      value: 0.5
      objectReference: {fileID: 0}
    - target: {fileID: 3561970870019238135, guid: ec69028ff2ccdc842a73b373cdce3876, type: 3}
      propertyPath: m_AnchorMin.y
      value: 0.5
      objectReference: {fileID: 0}
    - target: {fileID: 3561970870019238135, guid: ec69028ff2ccdc842a73b373cdce3876, type: 3}
      propertyPath: m_SizeDelta.x
      value: 0.1
      objectReference: {fileID: 0}
    - target: {fileID: 3561970870019238135, guid: ec69028ff2ccdc842a73b373cdce3876, type: 3}
      propertyPath: m_SizeDelta.y
      value: 0.7944
      objectReference: {fileID: 0}
    - target: {fileID: 3561970870019238135, guid: ec69028ff2ccdc842a73b373cdce3876, type: 3}
      propertyPath: m_LocalPosition.x
      value: 0
      objectReference: {fileID: 0}
    - target: {fileID: 3561970870019238135, guid: ec69028ff2ccdc842a73b373cdce3876, type: 3}
      propertyPath: m_LocalPosition.y
      value: 0
      objectReference: {fileID: 0}
    - target: {fileID: 3561970870019238135, guid: ec69028ff2ccdc842a73b373cdce3876, type: 3}
      propertyPath: m_LocalPosition.z
      value: -0.1
      objectReference: {fileID: 0}
    - target: {fileID: 3561970870019238135, guid: ec69028ff2ccdc842a73b373cdce3876, type: 3}
      propertyPath: m_LocalRotation.w
      value: 1
      objectReference: {fileID: 0}
    - target: {fileID: 3561970870019238135, guid: ec69028ff2ccdc842a73b373cdce3876, type: 3}
      propertyPath: m_LocalRotation.x
      value: 0
      objectReference: {fileID: 0}
    - target: {fileID: 3561970870019238135, guid: ec69028ff2ccdc842a73b373cdce3876, type: 3}
      propertyPath: m_LocalRotation.y
      value: 0
      objectReference: {fileID: 0}
    - target: {fileID: 3561970870019238135, guid: ec69028ff2ccdc842a73b373cdce3876, type: 3}
      propertyPath: m_LocalRotation.z
      value: 0
      objectReference: {fileID: 0}
    - target: {fileID: 3561970870019238135, guid: ec69028ff2ccdc842a73b373cdce3876, type: 3}
      propertyPath: m_AnchoredPosition.x
      value: 0
      objectReference: {fileID: 0}
    - target: {fileID: 3561970870019238135, guid: ec69028ff2ccdc842a73b373cdce3876, type: 3}
      propertyPath: m_AnchoredPosition.y
      value: 0
      objectReference: {fileID: 0}
    - target: {fileID: 3561970870019238135, guid: ec69028ff2ccdc842a73b373cdce3876, type: 3}
      propertyPath: m_LocalEulerAnglesHint.x
      value: 0
      objectReference: {fileID: 0}
    - target: {fileID: 3561970870019238135, guid: ec69028ff2ccdc842a73b373cdce3876, type: 3}
      propertyPath: m_LocalEulerAnglesHint.y
      value: 0
      objectReference: {fileID: 0}
    - target: {fileID: 3561970870019238135, guid: ec69028ff2ccdc842a73b373cdce3876, type: 3}
      propertyPath: m_LocalEulerAnglesHint.z
      value: 0
      objectReference: {fileID: 0}
    m_RemovedComponents: []
    m_RemovedGameObjects: []
    m_AddedGameObjects: []
    m_AddedComponents:
    - targetCorrespondingSourceObject: {fileID: 1744975417510627430, guid: ec69028ff2ccdc842a73b373cdce3876, type: 3}
      insertIndex: -1
      addedObject: {fileID: 8876655534914359898}
  m_SourcePrefab: {fileID: 100100000, guid: ec69028ff2ccdc842a73b373cdce3876, type: 3}
--- !u!224 &1886265404003597113 stripped
RectTransform:
  m_CorrespondingSourceObject: {fileID: 3561970870019238135, guid: ec69028ff2ccdc842a73b373cdce3876, type: 3}
  m_PrefabInstance: {fileID: 3117605599072162766}
  m_PrefabAsset: {fileID: 0}
--- !u!1 &3707746876803881896 stripped
GameObject:
  m_CorrespondingSourceObject: {fileID: 1744975417510627430, guid: ec69028ff2ccdc842a73b373cdce3876, type: 3}
  m_PrefabInstance: {fileID: 3117605599072162766}
  m_PrefabAsset: {fileID: 0}
--- !u!225 &8876655534914359898
CanvasGroup:
  m_ObjectHideFlags: 0
  m_CorrespondingSourceObject: {fileID: 0}
  m_PrefabInstance: {fileID: 0}
  m_PrefabAsset: {fileID: 0}
  m_GameObject: {fileID: 3707746876803881896}
  m_Enabled: 1
  m_Alpha: 0.82
  m_Interactable: 1
  m_BlocksRaycasts: 1
  m_IgnoreParentGroups: 0
--- !u!114 &8121521406106767304 stripped
MonoBehaviour:
  m_CorrespondingSourceObject: {fileID: 6626630644192418822, guid: ec69028ff2ccdc842a73b373cdce3876, type: 3}
  m_PrefabInstance: {fileID: 3117605599072162766}
  m_PrefabAsset: {fileID: 0}
  m_GameObject: {fileID: 3707746876803881896}
  m_Enabled: 1
  m_EditorHideFlags: 0
  m_Script: {fileID: 11500000, guid: fe87c0e1cc204ed48ad3b37840f39efc, type: 3}
  m_Name: 
  m_EditorClassIdentifier: 
--- !u!1001 &4511780353794809133
PrefabInstance:
  m_ObjectHideFlags: 0
  serializedVersion: 2
  m_Modification:
    serializedVersion: 3
    m_TransformParent: {fileID: 603815450930853468}
    m_Modifications:
    - target: {fileID: 1744975417510627430, guid: ec69028ff2ccdc842a73b373cdce3876, type: 3}
      propertyPath: m_Name
      value: RightBar
      objectReference: {fileID: 0}
    - target: {fileID: 3561970870019238135, guid: ec69028ff2ccdc842a73b373cdce3876, type: 3}
      propertyPath: m_Pivot.x
      value: 0.5
      objectReference: {fileID: 0}
    - target: {fileID: 3561970870019238135, guid: ec69028ff2ccdc842a73b373cdce3876, type: 3}
      propertyPath: m_Pivot.y
      value: 0.5
      objectReference: {fileID: 0}
    - target: {fileID: 3561970870019238135, guid: ec69028ff2ccdc842a73b373cdce3876, type: 3}
      propertyPath: m_AnchorMax.x
      value: 0.5
      objectReference: {fileID: 0}
    - target: {fileID: 3561970870019238135, guid: ec69028ff2ccdc842a73b373cdce3876, type: 3}
      propertyPath: m_AnchorMax.y
      value: 0.5
      objectReference: {fileID: 0}
    - target: {fileID: 3561970870019238135, guid: ec69028ff2ccdc842a73b373cdce3876, type: 3}
      propertyPath: m_AnchorMin.x
      value: 0.5
      objectReference: {fileID: 0}
    - target: {fileID: 3561970870019238135, guid: ec69028ff2ccdc842a73b373cdce3876, type: 3}
      propertyPath: m_AnchorMin.y
      value: 0.5
      objectReference: {fileID: 0}
    - target: {fileID: 3561970870019238135, guid: ec69028ff2ccdc842a73b373cdce3876, type: 3}
      propertyPath: m_SizeDelta.x
      value: 0.1
      objectReference: {fileID: 0}
    - target: {fileID: 3561970870019238135, guid: ec69028ff2ccdc842a73b373cdce3876, type: 3}
      propertyPath: m_SizeDelta.y
      value: 0.7944
      objectReference: {fileID: 0}
    - target: {fileID: 3561970870019238135, guid: ec69028ff2ccdc842a73b373cdce3876, type: 3}
      propertyPath: m_LocalPosition.x
      value: 0
      objectReference: {fileID: 0}
    - target: {fileID: 3561970870019238135, guid: ec69028ff2ccdc842a73b373cdce3876, type: 3}
      propertyPath: m_LocalPosition.y
      value: 0
      objectReference: {fileID: 0}
    - target: {fileID: 3561970870019238135, guid: ec69028ff2ccdc842a73b373cdce3876, type: 3}
      propertyPath: m_LocalPosition.z
      value: -0.1
      objectReference: {fileID: 0}
    - target: {fileID: 3561970870019238135, guid: ec69028ff2ccdc842a73b373cdce3876, type: 3}
      propertyPath: m_LocalRotation.w
      value: 1
      objectReference: {fileID: 0}
    - target: {fileID: 3561970870019238135, guid: ec69028ff2ccdc842a73b373cdce3876, type: 3}
      propertyPath: m_LocalRotation.x
      value: 0
      objectReference: {fileID: 0}
    - target: {fileID: 3561970870019238135, guid: ec69028ff2ccdc842a73b373cdce3876, type: 3}
      propertyPath: m_LocalRotation.y
      value: 0
      objectReference: {fileID: 0}
    - target: {fileID: 3561970870019238135, guid: ec69028ff2ccdc842a73b373cdce3876, type: 3}
      propertyPath: m_LocalRotation.z
      value: 0
      objectReference: {fileID: 0}
    - target: {fileID: 3561970870019238135, guid: ec69028ff2ccdc842a73b373cdce3876, type: 3}
      propertyPath: m_AnchoredPosition.x
      value: 2.503
      objectReference: {fileID: 0}
    - target: {fileID: 3561970870019238135, guid: ec69028ff2ccdc842a73b373cdce3876, type: 3}
      propertyPath: m_AnchoredPosition.y
      value: 0
      objectReference: {fileID: 0}
    - target: {fileID: 3561970870019238135, guid: ec69028ff2ccdc842a73b373cdce3876, type: 3}
      propertyPath: m_LocalEulerAnglesHint.x
      value: 0
      objectReference: {fileID: 0}
    - target: {fileID: 3561970870019238135, guid: ec69028ff2ccdc842a73b373cdce3876, type: 3}
      propertyPath: m_LocalEulerAnglesHint.y
      value: 0
      objectReference: {fileID: 0}
    - target: {fileID: 3561970870019238135, guid: ec69028ff2ccdc842a73b373cdce3876, type: 3}
      propertyPath: m_LocalEulerAnglesHint.z
      value: 0
      objectReference: {fileID: 0}
    m_RemovedComponents: []
    m_RemovedGameObjects: []
    m_AddedGameObjects: []
    m_AddedComponents: []
  m_SourcePrefab: {fileID: 100100000, guid: ec69028ff2ccdc842a73b373cdce3876, type: 3}
--- !u!224 &1149466777253557722 stripped
RectTransform:
  m_CorrespondingSourceObject: {fileID: 3561970870019238135, guid: ec69028ff2ccdc842a73b373cdce3876, type: 3}
  m_PrefabInstance: {fileID: 4511780353794809133}
  m_PrefabAsset: {fileID: 0}
--- !u!114 &7308098810382123307 stripped
MonoBehaviour:
  m_CorrespondingSourceObject: {fileID: 6626630644192418822, guid: ec69028ff2ccdc842a73b373cdce3876, type: 3}
  m_PrefabInstance: {fileID: 4511780353794809133}
  m_PrefabAsset: {fileID: 0}
  m_GameObject: {fileID: 0}
  m_Enabled: 1
  m_EditorHideFlags: 0
  m_Script: {fileID: 11500000, guid: fe87c0e1cc204ed48ad3b37840f39efc, type: 3}
  m_Name: 
  m_EditorClassIdentifier: 
--- !u!1001 &5634701736457316690
PrefabInstance:
  m_ObjectHideFlags: 0
  serializedVersion: 2
  m_Modification:
    serializedVersion: 3
    m_TransformParent: {fileID: 603815450930853468}
    m_Modifications:
    - target: {fileID: 1744975417510627430, guid: ec69028ff2ccdc842a73b373cdce3876, type: 3}
      propertyPath: m_Name
      value: RightStart
      objectReference: {fileID: 0}
    - target: {fileID: 3561970870019238135, guid: ec69028ff2ccdc842a73b373cdce3876, type: 3}
      propertyPath: m_Pivot.x
      value: 0.5
      objectReference: {fileID: 0}
    - target: {fileID: 3561970870019238135, guid: ec69028ff2ccdc842a73b373cdce3876, type: 3}
      propertyPath: m_Pivot.y
      value: 0.5
      objectReference: {fileID: 0}
    - target: {fileID: 3561970870019238135, guid: ec69028ff2ccdc842a73b373cdce3876, type: 3}
      propertyPath: m_AnchorMax.x
      value: 0.5
      objectReference: {fileID: 0}
    - target: {fileID: 3561970870019238135, guid: ec69028ff2ccdc842a73b373cdce3876, type: 3}
      propertyPath: m_AnchorMax.y
      value: 0.5
      objectReference: {fileID: 0}
    - target: {fileID: 3561970870019238135, guid: ec69028ff2ccdc842a73b373cdce3876, type: 3}
      propertyPath: m_AnchorMin.x
      value: 0.5
      objectReference: {fileID: 0}
    - target: {fileID: 3561970870019238135, guid: ec69028ff2ccdc842a73b373cdce3876, type: 3}
      propertyPath: m_AnchorMin.y
      value: 0.5
      objectReference: {fileID: 0}
    - target: {fileID: 3561970870019238135, guid: ec69028ff2ccdc842a73b373cdce3876, type: 3}
      propertyPath: m_SizeDelta.x
      value: 0.1
      objectReference: {fileID: 0}
    - target: {fileID: 3561970870019238135, guid: ec69028ff2ccdc842a73b373cdce3876, type: 3}
      propertyPath: m_SizeDelta.y
      value: 0.7944
      objectReference: {fileID: 0}
    - target: {fileID: 3561970870019238135, guid: ec69028ff2ccdc842a73b373cdce3876, type: 3}
      propertyPath: m_LocalPosition.x
      value: 0
      objectReference: {fileID: 0}
    - target: {fileID: 3561970870019238135, guid: ec69028ff2ccdc842a73b373cdce3876, type: 3}
      propertyPath: m_LocalPosition.y
      value: 0
      objectReference: {fileID: 0}
    - target: {fileID: 3561970870019238135, guid: ec69028ff2ccdc842a73b373cdce3876, type: 3}
      propertyPath: m_LocalPosition.z
      value: -0.1
      objectReference: {fileID: 0}
    - target: {fileID: 3561970870019238135, guid: ec69028ff2ccdc842a73b373cdce3876, type: 3}
      propertyPath: m_LocalRotation.w
      value: 1
      objectReference: {fileID: 0}
    - target: {fileID: 3561970870019238135, guid: ec69028ff2ccdc842a73b373cdce3876, type: 3}
      propertyPath: m_LocalRotation.x
      value: 0
      objectReference: {fileID: 0}
    - target: {fileID: 3561970870019238135, guid: ec69028ff2ccdc842a73b373cdce3876, type: 3}
      propertyPath: m_LocalRotation.y
      value: 0
      objectReference: {fileID: 0}
    - target: {fileID: 3561970870019238135, guid: ec69028ff2ccdc842a73b373cdce3876, type: 3}
      propertyPath: m_LocalRotation.z
      value: 0
      objectReference: {fileID: 0}
    - target: {fileID: 3561970870019238135, guid: ec69028ff2ccdc842a73b373cdce3876, type: 3}
      propertyPath: m_AnchoredPosition.x
      value: 2.503
      objectReference: {fileID: 0}
    - target: {fileID: 3561970870019238135, guid: ec69028ff2ccdc842a73b373cdce3876, type: 3}
      propertyPath: m_AnchoredPosition.y
      value: 0
      objectReference: {fileID: 0}
    - target: {fileID: 3561970870019238135, guid: ec69028ff2ccdc842a73b373cdce3876, type: 3}
      propertyPath: m_LocalEulerAnglesHint.x
      value: 0
      objectReference: {fileID: 0}
    - target: {fileID: 3561970870019238135, guid: ec69028ff2ccdc842a73b373cdce3876, type: 3}
      propertyPath: m_LocalEulerAnglesHint.y
      value: 0
      objectReference: {fileID: 0}
    - target: {fileID: 3561970870019238135, guid: ec69028ff2ccdc842a73b373cdce3876, type: 3}
      propertyPath: m_LocalEulerAnglesHint.z
      value: 0
      objectReference: {fileID: 0}
    m_RemovedComponents: []
    m_RemovedGameObjects: []
    m_AddedGameObjects: []
    m_AddedComponents:
    - targetCorrespondingSourceObject: {fileID: 1744975417510627430, guid: ec69028ff2ccdc842a73b373cdce3876, type: 3}
      insertIndex: -1
      addedObject: {fileID: 2232549621748373495}
  m_SourcePrefab: {fileID: 100100000, guid: ec69028ff2ccdc842a73b373cdce3876, type: 3}
--- !u!114 &1568657941683123540 stripped
MonoBehaviour:
  m_CorrespondingSourceObject: {fileID: 6626630644192418822, guid: ec69028ff2ccdc842a73b373cdce3876, type: 3}
  m_PrefabInstance: {fileID: 5634701736457316690}
  m_PrefabAsset: {fileID: 0}
  m_GameObject: {fileID: 6198394020978368820}
  m_Enabled: 1
  m_EditorHideFlags: 0
  m_Script: {fileID: 11500000, guid: fe87c0e1cc204ed48ad3b37840f39efc, type: 3}
  m_Name: 
  m_EditorClassIdentifier: 
--- !u!1 &6198394020978368820 stripped
GameObject:
  m_CorrespondingSourceObject: {fileID: 1744975417510627430, guid: ec69028ff2ccdc842a73b373cdce3876, type: 3}
  m_PrefabInstance: {fileID: 5634701736457316690}
  m_PrefabAsset: {fileID: 0}
--- !u!225 &2232549621748373495
CanvasGroup:
  m_ObjectHideFlags: 0
  m_CorrespondingSourceObject: {fileID: 0}
  m_PrefabInstance: {fileID: 0}
  m_PrefabAsset: {fileID: 0}
  m_GameObject: {fileID: 6198394020978368820}
  m_Enabled: 1
  m_Alpha: 0
  m_Interactable: 1
  m_BlocksRaycasts: 1
  m_IgnoreParentGroups: 0
--- !u!224 &9177441872666788261 stripped
RectTransform:
  m_CorrespondingSourceObject: {fileID: 3561970870019238135, guid: ec69028ff2ccdc842a73b373cdce3876, type: 3}
  m_PrefabInstance: {fileID: 5634701736457316690}
  m_PrefabAsset: {fileID: 0}
--- !u!1001 &7501720933567235798
PrefabInstance:
  m_ObjectHideFlags: 0
  serializedVersion: 2
  m_Modification:
    serializedVersion: 3
    m_TransformParent: {fileID: 603815450930853468}
    m_Modifications:
    - target: {fileID: 1744975417510627430, guid: ec69028ff2ccdc842a73b373cdce3876, type: 3}
      propertyPath: m_Name
      value: LeftStart
      objectReference: {fileID: 0}
    - target: {fileID: 3561970870019238135, guid: ec69028ff2ccdc842a73b373cdce3876, type: 3}
      propertyPath: m_Pivot.x
      value: 0.5
      objectReference: {fileID: 0}
    - target: {fileID: 3561970870019238135, guid: ec69028ff2ccdc842a73b373cdce3876, type: 3}
      propertyPath: m_Pivot.y
      value: 0.5
      objectReference: {fileID: 0}
    - target: {fileID: 3561970870019238135, guid: ec69028ff2ccdc842a73b373cdce3876, type: 3}
      propertyPath: m_AnchorMax.x
      value: 0.5
      objectReference: {fileID: 0}
    - target: {fileID: 3561970870019238135, guid: ec69028ff2ccdc842a73b373cdce3876, type: 3}
      propertyPath: m_AnchorMax.y
      value: 0.5
      objectReference: {fileID: 0}
    - target: {fileID: 3561970870019238135, guid: ec69028ff2ccdc842a73b373cdce3876, type: 3}
      propertyPath: m_AnchorMin.x
      value: 0.5
      objectReference: {fileID: 0}
    - target: {fileID: 3561970870019238135, guid: ec69028ff2ccdc842a73b373cdce3876, type: 3}
      propertyPath: m_AnchorMin.y
      value: 0.5
      objectReference: {fileID: 0}
    - target: {fileID: 3561970870019238135, guid: ec69028ff2ccdc842a73b373cdce3876, type: 3}
      propertyPath: m_SizeDelta.x
      value: 0.1
      objectReference: {fileID: 0}
    - target: {fileID: 3561970870019238135, guid: ec69028ff2ccdc842a73b373cdce3876, type: 3}
      propertyPath: m_SizeDelta.y
      value: 0.7944
      objectReference: {fileID: 0}
    - target: {fileID: 3561970870019238135, guid: ec69028ff2ccdc842a73b373cdce3876, type: 3}
      propertyPath: m_LocalPosition.x
      value: 0
      objectReference: {fileID: 0}
    - target: {fileID: 3561970870019238135, guid: ec69028ff2ccdc842a73b373cdce3876, type: 3}
      propertyPath: m_LocalPosition.y
      value: 0
      objectReference: {fileID: 0}
    - target: {fileID: 3561970870019238135, guid: ec69028ff2ccdc842a73b373cdce3876, type: 3}
      propertyPath: m_LocalPosition.z
      value: -0.1
      objectReference: {fileID: 0}
    - target: {fileID: 3561970870019238135, guid: ec69028ff2ccdc842a73b373cdce3876, type: 3}
      propertyPath: m_LocalRotation.w
      value: 1
      objectReference: {fileID: 0}
    - target: {fileID: 3561970870019238135, guid: ec69028ff2ccdc842a73b373cdce3876, type: 3}
      propertyPath: m_LocalRotation.x
      value: 0
      objectReference: {fileID: 0}
    - target: {fileID: 3561970870019238135, guid: ec69028ff2ccdc842a73b373cdce3876, type: 3}
      propertyPath: m_LocalRotation.y
      value: 0
      objectReference: {fileID: 0}
    - target: {fileID: 3561970870019238135, guid: ec69028ff2ccdc842a73b373cdce3876, type: 3}
      propertyPath: m_LocalRotation.z
      value: 0
      objectReference: {fileID: 0}
    - target: {fileID: 3561970870019238135, guid: ec69028ff2ccdc842a73b373cdce3876, type: 3}
      propertyPath: m_AnchoredPosition.x
      value: -2.503
      objectReference: {fileID: 0}
    - target: {fileID: 3561970870019238135, guid: ec69028ff2ccdc842a73b373cdce3876, type: 3}
      propertyPath: m_AnchoredPosition.y
      value: 0
      objectReference: {fileID: 0}
    - target: {fileID: 3561970870019238135, guid: ec69028ff2ccdc842a73b373cdce3876, type: 3}
      propertyPath: m_LocalEulerAnglesHint.x
      value: 0
      objectReference: {fileID: 0}
    - target: {fileID: 3561970870019238135, guid: ec69028ff2ccdc842a73b373cdce3876, type: 3}
      propertyPath: m_LocalEulerAnglesHint.y
      value: 0
      objectReference: {fileID: 0}
    - target: {fileID: 3561970870019238135, guid: ec69028ff2ccdc842a73b373cdce3876, type: 3}
      propertyPath: m_LocalEulerAnglesHint.z
      value: 0
      objectReference: {fileID: 0}
    m_RemovedComponents: []
    m_RemovedGameObjects: []
    m_AddedGameObjects: []
    m_AddedComponents:
    - targetCorrespondingSourceObject: {fileID: 1744975417510627430, guid: ec69028ff2ccdc842a73b373cdce3876, type: 3}
      insertIndex: -1
      addedObject: {fileID: 1716283139308167983}
  m_SourcePrefab: {fileID: 100100000, guid: ec69028ff2ccdc842a73b373cdce3876, type: 3}
--- !u!114 &3741912978865101520 stripped
MonoBehaviour:
  m_CorrespondingSourceObject: {fileID: 6626630644192418822, guid: ec69028ff2ccdc842a73b373cdce3876, type: 3}
  m_PrefabInstance: {fileID: 7501720933567235798}
  m_PrefabAsset: {fileID: 0}
  m_GameObject: {fileID: 8082855861977976496}
  m_Enabled: 1
  m_EditorHideFlags: 0
  m_Script: {fileID: 11500000, guid: fe87c0e1cc204ed48ad3b37840f39efc, type: 3}
  m_Name: 
  m_EditorClassIdentifier: 
--- !u!224 &6446303440253103649 stripped
RectTransform:
  m_CorrespondingSourceObject: {fileID: 3561970870019238135, guid: ec69028ff2ccdc842a73b373cdce3876, type: 3}
  m_PrefabInstance: {fileID: 7501720933567235798}
  m_PrefabAsset: {fileID: 0}
--- !u!1 &8082855861977976496 stripped
GameObject:
  m_CorrespondingSourceObject: {fileID: 1744975417510627430, guid: ec69028ff2ccdc842a73b373cdce3876, type: 3}
  m_PrefabInstance: {fileID: 7501720933567235798}
  m_PrefabAsset: {fileID: 0}
--- !u!225 &1716283139308167983
CanvasGroup:
  m_ObjectHideFlags: 0
  m_CorrespondingSourceObject: {fileID: 0}
  m_PrefabInstance: {fileID: 0}
  m_PrefabAsset: {fileID: 0}
  m_GameObject: {fileID: 8082855861977976496}
  m_Enabled: 1
  m_Alpha: 0
  m_Interactable: 1
  m_BlocksRaycasts: 1
  m_IgnoreParentGroups: 0
